@book{adams1995hitchhiker,
	Author = {Adams, D.},
	Isbn = {9781417642595},
	Publisher = {San Val},
	Title = {The Hitchhiker's Guide to the Galaxy},
	Url = {http://books.google.com/books?id=W-xMPgAACAAJ},
	Year = {1995},
	Bdsk-Url-1 = {http://books.google.com/books?id=W-xMPgAACAAJ}}

@inproceedings{boykov2001interactive,
	Author = {Boykov, Yuri Y and Jolly, M-P},
	Booktitle = {Computer Vision, 2001. ICCV 2001. Proceedings. Eighth IEEE International Conference on},
	Organization = {IEEE},
	Pages = {105--112},
	Title = {Interactive graph cuts for optimal boundary \& region segmentation of objects in ND images},
	Volume = {1},
	Year = {2001}}

@article{rother2004grabcut,
	Author = {Rother, Carsten and Kolmogorov, Vladimir and Blake, Andrew},
	Journal = {ACM Transactions on Graphics (TOG)},
	Number = {3},
	Pages = {309--314},
	Publisher = {ACM},
	Title = {Grabcut: Interactive foreground extraction using iterated graph cuts},
	Volume = {23},
	Year = {2004}}

@inproceedings{bai2007geodesic,
	Author = {Bai, Xue and Sapiro, Guillermo},
	Booktitle = {Computer Vision, 2007. ICCV 2007. IEEE 11th International Conference on},
	Organization = {IEEE},
	Pages = {1--8},
	Title = {A geodesic framework for fast interactive image and video segmentation and matting},
	Year = {2007}}

@article{grady2006random,
	Author = {Grady, Leo},
	Journal = {Pattern Analysis and Machine Intelligence, IEEE Transactions on},
	Number = {11},
	Pages = {1768--1783},
	Publisher = {IEEE},
	Title = {Random walks for image segmentation},
	Volume = {28},
	Year = {2006}}
	
	@inproceedings{bai2007geodesic,
  title={A geodesic framework for fast interactive image and video segmentation and matting},
  author={Bai, Xue and Sapiro, Guillermo},
  booktitle={Computer Vision, 2007. ICCV 2007. IEEE 11th International Conference on},
  pages={1--8},
  year={2007},
  organization={IEEE}
}

@article{grady2006random,
  title={Random walks for image segmentation},
  author={Grady, Leo},
  journal={Pattern Analysis and Machine Intelligence, IEEE Transactions on},
  volume={28},
  number={11},
  pages={1768--1783},
  year={2006},
  publisher={IEEE}
}

@inproceedings{couprie2009power,
  title={Power watersheds: A new image segmentation framework extending graph cuts, random walker and optimal spanning forest},
  author={Couprie, Camille and Grady, Leo and Najman, Laurent and Talbot, Hugues},
  booktitle={Computer Vision, 2009 IEEE 12th International Conference on},
  pages={731--738},
  year={2009},
  organization={IEEE}
}

@inproceedings{gulshan2010geodesic,
  title={Geodesic star convexity for interactive image segmentation},
  author={Gulshan, Varun and Rother, Carsten and Criminisi, Antonio and Blake, Andrew and Zisserman, Andrew},
  booktitle={Computer Vision and Pattern Recognition (CVPR), 2010 IEEE Conference on},
  pages={3129--3136},
  year={2010},
  organization={IEEE}
}

@inproceedings{martin2001database,
  title={A database of human segmented natural images and its application to evaluating segmentation algorithms and measuring ecological statistics},
  author={Martin, David and Fowlkes, Charless and Tal, Doron and Malik, Jitendra},
  booktitle={Computer Vision, 2001. ICCV 2001. Proceedings. Eighth IEEE International Conference on},
  volume={2},
  pages={416--423},
  year={2001},
  organization={IEEE}
}


@article{mcguinness2010comparative,
  title={A comparative evaluation of interactive segmentation algorithms},
  author={McGuinness, Kevin and O’connor, Noel E},
  journal={Pattern Recognition},
  volume={43},
  number={2},
  pages={434--444},
  year={2010},
  publisher={Elsevier}
}

@article{mcguinness2008k,
  title={The K-Space segmentation tool set},
  author={McGuinness, Kevin and O'Connor, Noel E},
  year={2008}
}

@inproceedings{fu2008saliency,
  title={Saliency cuts: An automatic approach to object segmentation},
  author={Fu, Yu and Cheng, Jian and Li, Zhenglong and Lu, Hanqing},
  booktitle={Pattern Recognition, 2008. ICPR 2008. 19th International Conference on},
  pages={1--4},
  year={2008},
  organization={IEEE}
}

@techreport{achanta2010slic,
  title={Slic superpixels},
  author={Achanta, Radhakrishna and Shaji, Appu and Smith, Kevin and Lucchi, Aurelien and Fua, Pascal and S{\"u}sstrunk, Sabine},
  year={2010}
}


@misc{vedaldi08vlfeat,
 Author = {A. Vedaldi and B. Fulkerson},
 Title = {{VLFeat}: An Open and Portable Library
          of Computer Vision Algorithms},
 Year  = {2008},
 Howpublished = {\url{http://www.vlfeat.org/}}


@InProceedings{MartinFTM01,
  author = {D. Martin and C. Fowlkes and D. Tal and J. Malik},
  title = {A Database of Human Segmented Natural Images and its
           Application to Evaluating Segmentation Algorithms and
           Measuring Ecological Statistics},
  booktitle = {Proc. 8th Int'l Conf. Computer Vision},
  year = {2001},
  month = {July},
  volume = {2},
  pages = {416--423}
}


@inproceedings{martin2001database,
  title={A database of human segmented natural images and its application to evaluating segmentation algorithms and measuring ecological statistics},
  author={Martin, David and Fowlkes, Charless and Tal, Doron and Malik, Jitendra},
  booktitle={Computer Vision, 2001. ICCV 2001. Proceedings. Eighth IEEE International Conference on},
  volume={2},
  pages={416--423},
  year={2001},
  organization={IEEE}
}


@article{unnikrishnan2007toward,
  title={Toward objective evaluation of image segmentation algorithms},
  author={Unnikrishnan, Ranjith and Pantofaru, Caroline and Hebert, Martial},
  journal={Pattern Analysis and Machine Intelligence, IEEE Transactions on},
  volume={29},
  number={6},
  pages={929--944},
  year={2007},
  publisher={IEEE}
}

@article{mcguinness2010comparative,
  title={A comparative evaluation of interactive segmentation algorithms},
  author={McGuinness, Kevin and O’connor, Noel E},
  journal={Pattern Recognition},
  volume={43},
  number={2},
  pages={434--444},
  year={2010},
  publisher={Elsevier}
}



	
	